%% This BibTeX bibliography file was created using BibDesk.
%% http://bibdesk.sourceforge.net/


%% Created for Alex Pearce at 2012-05-13 12:19:30 +0100 


%% Saved with string encoding Unicode (UTF-8) 



@article{ref:mvoloshin,
	Annote = {A nice introduction on charmonium, ideas translate to quarkonium},
	Author = {M. B. Voloshin},
	Date-Added = {2012-05-13 11:11:22 +0000},
	Date-Modified = {2012-05-13 11:12:05 +0000},
	Journal = {Prog. Part. Nucl. Phys.},
	Number = {2},
	Pages = {455-511},
	Title = {Charmonium},
	Volume = {61},
	Year = {2008}}

@book{ref:nr,
	Address = {Cambridge, UK},
	Annote = {Ridder's method algorithm},
	Author = {W. H. Press and et al.},
	Date-Added = {2012-05-13 11:09:57 +0000},
	Date-Modified = {2012-05-13 11:13:31 +0000},
	Edition = {3rd},
	Publisher = {Cambridge University Press},
	Title = {Numerical Recipes: The Art of Scientific Computing},
	Year = {2007}}

@book{ref:dgriffithsquantum,
	Address = {Weinheim, Germany},
	Annote = {The benchmark QM book},
	Author = {David Griffiths},
	Date-Added = {2012-05-13 11:09:18 +0000},
	Date-Modified = {2012-05-13 11:12:58 +0000},
	Edition = {6th},
	Publisher = {Wiley-VCH},
	Title = {Introduction to Quantum Mechanics},
	Year = {2011}}

@book{ref:dgriffithsparticles,
	Address = {Weinheim, Germany},
	Annote = {Colour theory},
	Author = {David Griffiths},
	Date-Added = {2012-05-13 11:08:02 +0000},
	Date-Modified = {2012-05-13 11:12:52 +0000},
	Edition = {2nd},
	Publisher = {Wiley-VCH},
	Title = {Introduction to Elementary Particles},
	Year = {2003}}

@book{ref:agil,
	Address = {Philadelphia, USA},
	Annote = {Chebyshev expansion},
	Author = {A. Gil and J. Segura and N. M. Temme},
	Date-Added = {2012-05-13 11:06:56 +0000},
	Date-Modified = {2012-05-13 11:12:35 +0000},
	Edition = {1st},
	Publisher = {Society for Industrial and Applied Mathematics},
	Title = {Numerical Methods for Special Functions},
	Year = {2007}}

@article{ref:eichten,
	Annote = {Different potential forms V(r), including the Cornell potential},
	Author = {E. J. Eichten and C. Quigg},
	Date-Added = {2012-05-13 11:06:07 +0000},
	Date-Modified = {2012-05-13 11:13:07 +0000},
	Journal = {Phys. Rev. D},
	Number = {3},
	Pages = {1726-1728},
	Title = {Quarkonium wave functions at the origin},
	Volume = {52},
	Year = {1995}}

@book{ref:gdaniell,
	Address = {Southampton, UK},
	Annote = {PHYS6017 course notes},
	Author = {G. J. Daniell},
	Date-Added = {2012-05-13 11:05:19 +0000},
	Date-Modified = {2012-05-13 11:16:53 +0000},
	Publisher = {University of Southampton},
	Title = {PHYS6017 Course Notes},
	Year = {2011}}

@article{ref:buchmuller,
	Annote = {Meson mass formula},
	Author = {W. Buchm{\"u}ller and S.-H. H. Tye},
	Date-Added = {2012-05-13 11:03:44 +0000},
	Date-Modified = {2012-05-13 11:12:45 +0000},
	Journal = {Phys. Rev. D},
	Number = {1},
	Pages = {132-156},
	Title = {Quarkonia and quantum chromodynamics},
	Volume = {24},
	Year = {1981}}

@book{ref:iaitchison,
	Address = {Bristol, UK},
	Annote = {QCD},
	Author = {I. J. R. Aitchenson and A. J. G. Hey},
	Date-Added = {2012-05-13 11:00:08 +0000},
	Date-Modified = {2012-05-13 11:13:20 +0000},
	Edition = {3rd},
	Publisher = {Institute of Physics Publishing},
	Title = {Gauge Theories in Particle Physics, Volume II: QCD and the Electroweak Theory},
	Volume = {2},
	Year = {2003}}

@book{ref:abramowitz,
	Address = {New York, USA},
	Annote = {The Handbook},
	Author = {Milton Abramowitz and Irene A. Stegun},
	Date-Modified = {2012-05-13 11:19:28 +0000},
	Edition = {9th},
	Publisher = {Dover},
	Title = {The Handbook of Mathematical Functions with Formulas, Graphs, and Mathematical Tables},
	Year = 1964}
